/mnt/d/Documents/UQTR/OneDrive - Université du Québec à Trois-Rivières/Litterature/teledetect.bib